@String(PAMI = {IEEE Trans. Pattern Anal. Mach. Intell.})
@String(IJCV = {Int. J. Comput. Vis.})
@String(CVPR= {IEEE Conf. Comput. Vis. Pattern Recog.})
@String(ICCV= {Int. Conf. Comput. Vis.})
@String(ECCV= {Eur. Conf. Comput. Vis.})
@String(NIPS= {Adv. Neural Inform. Process. Syst.})
@String(ICPR = {Int. Conf. Pattern Recog.})
@String(BMVC= {Brit. Mach. Vis. Conf.})
@String(TOG= {ACM Trans. Graph.})
@String(TIP  = {IEEE Trans. Image Process.})
@String(TVCG  = {IEEE Trans. Vis. Comput. Graph.})
@String(TMM  = {IEEE Trans. Multimedia})
@String(ACMMM= {ACM Int. Conf. Multimedia})
@String(ICME = {Int. Conf. Multimedia and Expo})
@String(ICASSP= {ICASSP})
@String(ICIP = {IEEE Int. Conf. Image Process.})
@String(ACCV  = {ACCV})
@String(ICLR = {Int. Conf. Learn. Represent.})
@String(IJCAI = {IJCAI})
@String(PR   = {Pattern Recognition})
@String(AAAI = {AAAI})
@String(CVPRW= {IEEE Conf. Comput. Vis. Pattern Recog. Worksh.})
@String(CSVT = {IEEE Trans. Circuit Syst. Video Technol.})

@String(SPL = {IEEE Sign. Process. Letters})
@String(VR   = {Vis. Res.})
@String(JOV  = {J. Vis.})
@String(TVC  = {The Vis. Comput.})
@String(JCST  = {J. Comput. Sci. Tech.})
@String(CGF  = {Comput. Graph. Forum})
@String(CVM = {Computational Visual Media})


@String(PAMI  = {IEEE TPAMI})
@String(IJCV  = {IJCV})
@String(CVPR  = {CVPR})
@String(ICCV  = {ICCV})
@String(ECCV  = {ECCV})
@String(NIPS  = {NeurIPS})
@String(ICPR  = {ICPR})
@String(BMVC  = {BMVC})
@String(TOG   = {ACM TOG})
@String(TIP   = {IEEE TIP})
@String(TVCG  = {IEEE TVCG})
@String(TCSVT = {IEEE TCSVT})
@String(TMM   = {IEEE TMM})
@String(ACMMM = {ACM MM})
@String(ICME  = {ICME})
@String(ICASSP= {ICASSP})
@String(ICIP  = {ICIP})
@String(ACCV  = {ACCV})
@String(ICLR  = {ICLR})
@String(IJCAI = {IJCAI})
@String(PR = {PR})
@String(AAAI = {AAAI})
@String(CVPRW= {CVPRW})
@String(CSVT = {IEEE TCSVT})


@InProceedings{bdd100k,
    author = {Yu, Fisher and Chen, Haofeng and Wang, Xin and Xian, Wenqi and Chen, Yingying and Liu, Fangchen and Madhavan, Vashisht and Darrell, Trevor},
    title = {BDD100K: A Diverse Driving Dataset for Heterogeneous Multitask Learning},
    booktitle = {The IEEE Conference on Computer Vision and Pattern Recognition (CVPR)},
    month = {June},
    year = {2020}
}

@article{youtubevos1,
  author    = {Ning Xu and
               Linjie Yang and
               Yuchen Fan and
               Dingcheng Yue and
               Yuchen Liang and
               Jianchao Yang and
               Thomas S. Huang},
  title     = {YouTube-VOS: {A} Large-Scale Video Object Segmentation Benchmark},
  journal   = {CoRR},
  volume    = {abs/1809.03327},
  year      = {2018},
  eprinttype = {arXiv},
  eprint    = {1809.03327},

}

@inproceedings{davis,
  author    = {Federico Perazzi and
               Jordi Pont{-}Tuset and
               Brian McWilliams and
               Luc Van Gool and
               Markus H. Gross and
               Alexander Sorkine{-}Hornung},
  title     = {A Benchmark Dataset and Evaluation Methodology for Video Object Segmentation},
  booktitle = {{IEEE} Conference on Computer Vision and Pattern Recognition},
  pages     = {724--732},
  year      = {2016},
}

% VIDEO INPAINTING PAPERS

@inproceedings{deepvideoinpainting,
  title={Deep Video Inpainting},
  author={Kim, Dahun and Woo, Sanghyun and Lee, Joon-Young and Kweon, In So},
  booktitle={Proceedings of the IEEE Conference on Computer Vision and Pattern Recognition},
  pages={5792--5801},
  year={2019},}

@inproceedings{endtoend,
   author={Li, Zhen and Lu, Cheng-Ze and Qin, Jianhua and Guo, Chun-Le and Cheng, Ming-Ming},
   booktitle={IEEE Conference on Computer Vision and Pattern Recognition (CVPR)},
   year={2022}
}

@InProceedings{fuseformer,
  title={FuseFormer: Fusing Fine-Grained Information in Transformers for Video Inpainting},
  author={Liu, Rui and Deng, Hanming and Huang, Yangyi and Shi, Xiaoyu and Lu, Lewei and Sun, Wenxiu and Wang, Xiaogang and Dai, Jifeng and Li, Hongsheng},
  booktitle = {International Conference on Computer Vision (ICCV)},
  year={2021}
}

@InProceedings{dfvi,
author = {Xu, Rui and Li, Xiaoxiao and Zhou, Bolei and Loy, Chen Change},
title = {Deep Flow-Guided Video Inpainting},
booktitle = {The IEEE Conference on Computer Vision and Pattern Recognition (CVPR)},
month = {June},
year = {2019}
}

@inproceedings{perceptual,
  author       = {Richard Zhang and
                  Phillip Isola and
                  Alexei A. Efros and
                  Eli Shechtman and
                  Oliver Wang},
  title        = {The Unreasonable Effectiveness of Deep Features as a Perceptual Metric},
  booktitle    = {The IEEE Conference on Computer Vision and Pattern Recognition (CVPR)},
  year         = {2018},
}

@inproceedings{learningjoint,
  author = {Zeng, Yanhong and Fu, Jianlong and Chao, Hongyang},
  title = {Learning Joint Spatial-Temporal Transformations for Video Inpainting},
  booktitle = {The Proceedings of the European Conference on Computer Vision (ECCV)},
  year = {2020}
}

@inproceedings{copypaste,
  author    = {Sungho Lee and
               Seoung Wug Oh and
               DaeYeun Won and
               Seon Joo Kim},
  title     = {Copy-and-Paste Networks for Deep Video Inpainting},
  booktitle = {{IEEE/CVF} International Conference on Computer Vision},
  pages     = {4412--4420},
  year      = {2019},
}

@article{learnablegated,
  title={Learnable Gated Temporal Shift Module for Deep Video Inpainting},
  author={Chang, Ya-Liang and Liu, Zhe Yu and Lee, Kuan-Ying and Hsu, Winston},
  journal={BMVC},
  year={2019}
}

@inproceedings{flowedgeguided,
  Author    = {Gao, Chen and Saraf, Ayush and Huang, Jia-Bin and Kopf, Johannes},
  Title     = {Flow-edge Guided Video Completion},
  booktitle = {Proc. European Conference on Computer Vision (ECCV)},
  year      = {2020}
  }

@article{temporally,
  author = {Jia-Bin Huang and Sing Bing Kang and Narendra Ahuja and Johannes Kopf},
  title = {Temporally Coherent Completion of Dynamic Video},
  journal = {ACM Transactions on Graphics},
  volume = {35},
  number = {6},
  pages = {196},
  year = {2016},
}

@article{devil,
  author={Szeto, Ryan and Corso, Jason J.},
  title={The DEVIL is in the Details: A Diagnostic Evaluation Benchmark for Video Inpainting},
  journal={arXiv preprint arXiv:2105.05332},
  year={2021}
}


@inproceedings{onionpeel,
  author    = {Seoung Wug Oh and
               Sungho Lee and
               Joon{-}Young Lee and
               Seon Joo Kim},
  title     = {Onion-Peel Networks for Deep Video Completion},
  booktitle = {{IEEE/CVF} International Conference on Computer Vision},
  year      = {2019},
}


@article{patchgan,
  title={Free-form Video Inpainting with 3D Gated Convolution and Temporal PatchGAN},
  author={Chang, Ya-Liang and Liu, Zhe Yu and Lee, Kuan-Ying and Hsu, Winston},
  journal={In Proceedings of the International Conference on Computer Vision (ICCV)},
  year={2019}
}

% VIDEO DIFFUSION PAPERS

@article{didrik,
title={Diffusion Models for Video Prediction and Infilling},
author={Tobias H{\"o}ppe and Arash Mehrjou and Stefan Bauer and Didrik Nielsen and Andrea Dittadi},
journal={Transactions on Machine Learning Research},
issn={2835-8856},
year={2022},
}

@article{yang2022diffusion,
  title={Diffusion Probabilistic Modeling for Video Generation},
  author={Yang, Ruihan and Srivastava, Prakhar and Mandt, Stephan},
  journal={arXiv:2203.09481},
  year={2022}
}

@article{vdm,
title={Video diffusion models},
author={Ho, Jonathan and Salimans, Tim and Gritsenko, Alexey and Chan, William and Norouzi, Mohammad and Fleet, David J},
journal={arXiv:2204.03458},
year={2022}}
}

@inproceedings{fdm,
title={Flexible Diffusion Modeling of Long Videos},
author={Harvey, William and Naderiparizi, Saeid and Masrani, Vaden and Weilbach, Christian Dietrich and Wood, Frank},
booktitle={NeurIPS},
year={2022},
keywords={generative modeling, denoising diffusion probabilistic model, video modeling}
}

@InProceedings{propainter,
      title     = {{ProPainter}: Improving Propagation and Transformer for Video Inpainting},
      author    = {Zhou, Shangchen and Li, Chongyi and Chan, Kelvin C.K and Loy, Chen Change},
      booktitle = {Proceedings of IEEE International Conference on Computer Vision (ICCV)},
      year      = {2023}
    }

@inproceedings{voleti2022MCVD,
 author = {Voleti, Vikram and Jolicoeur-Martineau, Alexia and Pal, Christopher},
 title = {MCVD: Masked Conditional Video Diffusion for Prediction, Generation, and Interpolation},
 booktitle = {(NeurIPS) Advances in Neural Information Processing Systems},
 year = {2022}
}

% DIFFUSION PAPERS

@inproceedings{sohldickstein,
  author = {Sohl-Dickstein, Jascha and Weiss, Eric and Maheswaranathan, Niru and Ganguli, Surya},
  title = {Deep Unsupervised Learning using Nonequilibrium Thermodynamics},
  booktitle = {International Conference on Machine Learning},
  pages = {2256--2265},
  year = {2015},
  organization = {PMLR},
}

@article{karras2022elucidating,
  title={Elucidating the design space of diffusion-based generative models},
  author={Karras, Tero and Aittala, Miika and Aila, Timo and Laine, Samuli},
  journal={Advances in Neural Information Processing Systems},
  volume={35},
  pages={26565--26577},
  year={2022}
}


@article{song2020score,
  title={Score-based generative modeling through stochastic differential equations},
  author={Song, Yang and Sohl-Dickstein, Jascha and Kingma, Diederik P and Kumar, Abhishek and Ermon, Stefano and Poole, Ben},
  journal={arXiv preprint arXiv:2011.13456},
  year={2020}
}



@article{tashiro2021csdi,
  title={Csdi: Conditional score-based diffusion models for probabilistic time series imputation},
  author={Tashiro, Yusuke and Song, Jiaming and Song, Yang and Ermon, Stefano},
  journal={Advances in Neural Information Processing Systems},
  volume={34},
  pages={24804--24816},
  year={2021}
}



@inproceedings{ddpm,
  author = {Ho, Jonathan and Jain, Ajay and Abbeel, Pieter},
  title = {Denoising Diffusion Probabilistic Models},
  booktitle = {Advances in Neural Information Processing Systems},
  volume = {33},
  pages = {6840--6851},
  year = {2020},
}

@inproceedings{improveddiffusion,
  author    = {Alexander Quinn Nichol and
               Prafulla Dhariwal},
  title     = {Improved Denoising Diffusion Probabilistic Models},
  booktitle = {38th International Conference on Machine Learning},
  series    = {Proceedings of Machine Learning Research},
  volume    = {139},
  pages     = {8162--8171},
  year      = {2021},
}

@inproceedings{diffusionbeatsgans,
  author    = {Prafulla Dhariwal and
               Alexander Quinn Nichol},
  editor    = {Marc'Aurelio Ranzato and
               Alina Beygelzimer and
               Yann N. Dauphin and
               Percy Liang and
               Jennifer Wortman Vaughan},
  title     = {Diffusion Models Beat GANs on Image Synthesis},
  booktitle = {Advances in Neural Information Processing Systems 34},
  pages     = {8780--8794},
  year      = {2021},
}

@inproceedings{audio,
  author    = {Zhifeng Kong and
               Wei Ping and
               Jiaji Huang and
               Kexin Zhao and
               Bryan Catanzaro},
  title     = {DiffWave: {A} Versatile Diffusion Model for Audio Synthesis},
  booktitle = {9th International Conference on Learning Representations},
  year      = {2021},
}

@inproceedings{tts,
  author    = {Vadim Popov and
               Ivan Vovk and
               Vladimir Gogoryan and
               Tasnima Sadekova and
               Mikhail A. Kudinov},
  title     = {Grad-TTS: {A} Diffusion Probabilistic Model for Text-to-Speech},
  booktitle = {Proceedings of the 38th International Conference on Machine Learning},
  series    = {Proceedings of Machine Learning Research},
  volume    = {139},
  pages     = {8599--8608},
  publisher = {{PMLR}},
  year      = {2021},
}

% IMAGE INPAINTING PAPERS
@inproceedings{palette,
  author    = {Chitwan Saharia and
               William Chan and
               Huiwen Chang and
               Chris A. Lee and
               Jonathan Ho and
               Tim Salimans and
               David J. Fleet and
               Mohammad Norouzi},
  title     = {Palette: Image-to-Image Diffusion Models},
  booktitle = {{SIGGRAPH}},
  pages     = {15:1--15:10},
  year      = {2022},
}

@inproceedings{zhang2023adding,
  title={Adding conditional control to text-to-image diffusion models},
  author={Zhang, Lvmin and Rao, Anyi and Agrawala, Maneesh},
  booktitle={Proceedings of the IEEE/CVF International Conference on Computer Vision},
  pages={3836--3847},
  year={2023}
}


@inproceedings{repaint,
  author    = {Andreas Lugmayr and
               Martin Danelljan and
               Andr{\'{e}}s Romero and
               Fisher Yu and
               Radu Timofte and
               Luc Van Gool},
  title     = {RePaint: Inpainting using Denoising Diffusion Probabilistic Models},
  booktitle = {{IEEE/CVF} Conference on Computer Vision and Pattern Recognition},
  pages     = {11451--11461},
  year      = {2022},
}

@inproceedings{imin1,
  author    = {Jialun Peng and
               Dong Liu and
               Songcen Xu and
               Houqiang Li},
  title     = {Generating Diverse Structure for Image Inpainting With Hierarchical
               {VQ-VAE}},
  booktitle = {{IEEE} Conference on Computer Vision and Pattern Recognition},
  pages     = {10775--10784},
  year      = {2021},
}

@inproceedings{imin3,
  author    = {Jiahui Yu and
               Zhe Lin and
               Jimei Yang and
               Xiaohui Shen and
               Xin Lu and
               Thomas S. Huang},
  title     = {Generative Image Inpainting With Contextual Attention},
  booktitle = {{IEEE} Conference on Computer Vision and Pattern Recognition},
  pages     = {5505--5514},
  year      = {2018},
}

@article{imin4,
  title={Aggregated contextual transformations for high-resolution image inpainting},
  author={Zeng, Yanhong and Fu, Jianlong and Chao, Hongyang and Guo, Baining},
  journal={arXiv preprint arXiv:2104.01431},
  year={2021}
}

@article{imin5,
  title={Resolution-robust large mask inpainting with Fourier convolutions},
  author={Suvorov, Roman and Logacheva, Elizaveta and Mashikhin, Anton and Remizova, Anastasia and Ashukha, Arsenii and Silvestrov, Aleksei and Kong, Naejin and Goka, Harshith and Park, Kiwoong and Lempitsky, Victor},
  journal={arXiv preprint arXiv:2109.07161},
  year={2021}
}

% MISC. 

@article{restoration,
  author    = {Nick C. Tang and
               Chiou{-}Ting Hsu and
               Chih{-}Wen Su and
               Timothy K. Shih and
               Hong{-}Yuan Mark Liao},
  title     = {Video Inpainting on Digitized Vintage Films via Maintaining Spatiotemporal
               Continuity},
  journal   = {{IEEE} Trans. Multim.},
  volume    = {13},
  number    = {4},
  pages     = {602--614},
  year      = {2011},
}

@inproceedings{occluding,
  author    = {Kedar A. Patwardhan and
               Guillermo Sapiro and
               Marcelo Bertalm{\'{\i}}o},
  title     = {Video inpainting of occluding and occluded objects},
  booktitle = {Proceedings of the 2005 International Conference on Image Processing},
  pages     = {69--72},
  publisher = {{IEEE}},
  year      = {2005},
}

@article{stabilization,
  author    = {Yasuyuki Matsushita and
               Eyal Ofek and
               Weina Ge and
               Xiaoou Tang and
               Heung{-}Yeung Shum},
  title     = {Full-Frame Video Stabilization with Motion Inpainting},
  journal   = {{IEEE} Trans. Pattern Anal. Mach. Intell.},
  volume    = {28},
  number    = {7},
  pages     = {1150--1163},
  year      = {2006},
}

@inproceedings{rpe2,
  title={Rethinking and improving relative position encoding for vision transformer},
  author={Wu, Kan and Peng, Houwen and Chen, Minghao and Fu, Jianlong and Chao, Hongyang},
  booktitle={Proceedings of the IEEE/CVF International Conference on Computer Vision},
  pages={10033--10041},
  year={2021}
}

@article{rpe1,
  title={Self-attention with relative position representations},
  author={Shaw, Peter and Uszkoreit, Jakob and Vaswani, Ashish},
  journal={arXiv preprint arXiv:1803.02155},
  year={2018}
}

@inproceedings{unet,
  title={U-net: Convolutional networks for biomedical image segmentation},
  author={Ronneberger, Olaf and Fischer, Philipp and Brox, Thomas},
  booktitle={International Conference on Medical image computing and computer-assisted intervention},
  pages={234--241},
  year={2015},
  organization={Springer}
}

@phdthesis{szeto-thesis,
    author={Szeto, Ryan},
    title={Enforcing Realism and Temporal Consistency for Large-Scale Video Inpainting},
    school={University of Michigan},
    month={August},
    year={2021}
}

@inproceedings{fgt,
  title={Flow-Guided Transformer for Video Inpainting},
  author={Zhang, Kaidong and Fu, Jingjing and Liu, Dong},
  booktitle={European Conference on Computer Vision},
  pages={74--90},
  year={2022},
  organization={Springer}
}

@article{ssim,
  author       = {Zhou Wang and
                  Alan C. Bovik and
                  Hamid R. Sheikh and
                  Eero P. Simoncelli},
  title        = {Image quality assessment: from error visibility to structural similarity},
  journal      = {{IEEE} Trans. Image Process.},
  volume       = {13},
  number       = {4},
  pages        = {600--612},
  year         = {2004},
}

@inproceedings{lpips,
  title={The Unreasonable Effectiveness of Deep Features as a Perceptual Metric},
  author={Zhang, Richard and Isola, Phillip and Efros, Alexei A and Shechtman, Eli and Wang, Oliver},
  booktitle={CVPR},
  year={2018}
}

@inproceedings{fid,
  author       = {Martin Heusel and
                  Hubert Ramsauer and
                  Thomas Unterthiner and
                  Bernhard Nessler and
                  Sepp Hochreiter},
  title        = {GANs Trained by a Two Time-Scale Update Rule Converge to a Local Nash
                  Equilibrium},
  booktitle    = {NeurIPS},
  pages        = {6626--6637},
  year         = {2017},
}

@inproceedings{vfid,
  author       = {Ting{-}Chun Wang and
                  Ming{-}Yu Liu and
                  Jun{-}Yan Zhu and
                  Nikolai Yakovenko and
                  Andrew Tao and
                  Jan Kautz and
                  Bryan Catanzaro},
  title        = {Video-to-Video Synthesis},
  booktitle    = {NeurIPS},
  pages        = {1152--1164},
  year         = {2018},
}

@inproceedings{ewarp,
  author       = {Wei{-}Sheng Lai and
                  Jia{-}Bin Huang and
                  Oliver Wang and
                  Eli Shechtman and
                  Ersin Yumer and
                  Ming{-}Hsuan Yang},
  title        = {Learning Blind Video Temporal Consistency},
  booktitle    = {ECCV},
  pages        = {179--195},
  year         = {2018},
}

@article{avid,
  title={AVID: Any-Length Video Inpainting with Diffusion Model},
  author={Zhang, Zhixing and Wu, Bichen and Wang, Xiaoyan and Luo, Yaqiao and Zhang, Luxin and Zhao, Yinan and Vajda, Peter and Metaxas, Dimitris and Yu, Licheng},
  journal={arXiv preprint arXiv:2312.03816},
  year={2023}
}

@inproceedings{lookmanohands,
      title={Look Ma, No Hands! Agent-Environment Factorization of Egocentric Videos}, 
      author={Matthew Chang and Aditya Prakash and Saurabh Gupta},
      year={2023},
      booktitle={NeurIPS}},
}

@article{fgdvi,
      title={Flow-Guided Diffusion for Video Inpainting}, 
      author={Bohai Gu and Yongsheng Yu and Heng Fan and Libo Zhang},
      year={2023},
      journal={arXiv preprint arXiv:2311.15368},
}

@inproceedings{vahdat2021score,
    title={Score-based Generative Modeling in Latent Space},
    author={Vahdat, Arash and Kreis, Karsten and Kautz, Jan},
    booktitle={Neural Information Processing Systems (NeurIPS)},
    year={2021}
}

@conference{stablediffusion,
title = {High-Resolution Image Synthesis with Latent Diffusion Models},
author = {Robin Rombach and Andreas Blattmann and Dominik Lorenz and Patrick Esser and BjÃ¶rn Ommer},
year  = {2022},
booktitle = {Proceedings of the IEEE Conference on Computer Vision and Pattern Recognition (CVPR)},
}

@inproceedings{copaint,
  author       = {Guanhua Zhang and
                  Jiabao Ji and
                  Yang Zhang and
                  Mo Yu and
                  Tommi S. Jaakkola and
                  Shiyu Chang},
  title        = {Towards Coherent Image Inpainting Using Denoising Diffusion Implicit
                  Models},
  booktitle    = {ICML},
  pages        = {41164--41193},
  year         = {2023},
}

@article{noiseschedules,
  author       = {Ting Chen},
  title        = {On the Importance of Noise Scheduling for Diffusion Models},
  journal={arXiv preprint arXiv:2301.10972},
  year         = {2023},
}

@inproceedings{AdamW,
  author       = {Ilya Loshchilov and
                  Frank Hutter},
  title        = {Decoupled Weight Decay Regularization},
  booktitle    = ICLR,
  year         = {2019},
}